<record><leader>00000cas a22000007a 4500</leader><controlfield tag="001">20874438</controlfield><controlfield tag="008">900111d18821895mouwr ne      0    0eng d</controlfield><datafield ind1=" " ind2=" " tag="010"><subfield code="a">sn 90061119 </subfield></datafield><datafield ind1=" " ind2=" " tag="040"><subfield code="a">MQN</subfield><subfield code="b">eng</subfield><subfield code="c">MQN</subfield><subfield code="d">OCLCQ</subfield></datafield><datafield ind1=" " ind2=" " tag="042"><subfield code="a">msc</subfield></datafield><datafield ind1="0" ind2=" " tag="130"><subfield code="a">Democrat (Plattsburg, Mo.)</subfield></datafield><datafield ind1="1" ind2="4" tag="245"><subfield code="a">The democrat.</subfield></datafield><datafield ind1=" " ind2=" " tag="260"><subfield code="a">Plattsburg, Clinton County, Mo. :</subfield><subfield code="b">Jas. W. and Joe P. Johnston</subfield></datafield><datafield ind1=" " ind2=" " tag="300"><subfield code="a">v.</subfield></datafield><datafield ind1=" " ind2=" " tag="310"><subfield code="a">Weekly</subfield></datafield><datafield ind1="1" ind2=" " tag="362"><subfield code="a">Began in 1882? Ceased in 1895?</subfield></datafield><datafield ind1=" " ind2=" " tag="588"><subfield code="a">Description based on: Vol. 2, no. 25 (May 10, 1883).</subfield></datafield><datafield ind1=" " ind2="4" tag="651"><subfield code="a">Clinton (Mo.)</subfield><subfield code="v">Newspapers.</subfield></datafield><datafield ind1=" " ind2=" " tag="752"><subfield code="a">United States</subfield><subfield code="b">Missouri</subfield><subfield code="c">Clinton</subfield><subfield code="d">Plattsburg.</subfield></datafield><datafield ind1="0" ind2="7" tag="785"><subfield code="t">Register-lever</subfield></datafield><datafield ind1="0" ind2="7" tag="785"><subfield code="t">Democrat-lever</subfield><subfield code="w">(DLC)sn 90061120</subfield></datafield><datafield ind1="1" ind2=" " tag="029"><subfield code="a">AU@</subfield><subfield code="b">000020605201</subfield></datafield></record>